@misc{FarmBotWhitepaper,
    author = {Aronson, Rory Landon},
    year = {2013},
    title = {FarmBot: Humanity's open-source automated precision farming machine},
    howpublished = "\url{https://farm.bot/pages/whitepaper}"
}

@misc{FarmBotWebsite,
    howpublished = "\url{https://farm.bot}"
}

@misc{FarmBotGitHub,
    howpublished = "\url{https://github.com/FarmBot}"
}
